@Book{book,
 author    = "Milton {Abramowitz} and Irene A. {Stegun}",
 title     = "Handbook of Mathematical Functions with
              Formulas, Graphs, and Mathematical Tables",
 publisher = "Dover",
 year      =  1964,
 address   = "New York",
 edition   = "ninth Dover printing, tenth GPO printing"
}
@Article{article,
author = "First Name {Last name} and Second {Person}",
title = "Title of the articl goes here",
journal = "Bible",
year = 0001,
}
@techreport{gbg,
author = "Miljöförvaltningen",
title = "Luftkvaliteten i Göteborgsområdet, Årsrapport 2014",
institution = "Göteborgs stad",
year = 2015,
}
@online{whoAir,
author = "Who",
title = "Ambient (outdoor) air quality and health",
year = 2014,
url = {http://www.who.int/mediacentre/factsheets/fs313/en/},
urldate = "2016-04-19",
}

@Article{lungor,
author = {E. {Schultz} and O. {Gruzieva} and T. {Bellander} and I. {Kull} and M. {Svartengren} and M. {Bottai} and J. {Hallberg} and E. {Melén} and G. {Pershagen}},
title = {Traffic-related air pollution and lung function in children at 8 years of age  – A Birth Cohort Study},
journal = {American Journal of Respiratory and Critical Care Medicine},
year = 2012,
}
